<?xml version="1.0" encoding="UTF-8"?>
<Document xmlns="urn:iso:std:iso:20022:tech:xsd:pain.001.001.03" xmlns:xsi="http://www.w3.org/2001/XMLSchema-instance">
	<CstmrCdtTrfInitn>
		<GrpHdr>
			<MsgId>CGI.ONEXML.MID.2SCT.3TIP.001</MsgId>
			<CreDtTm>2015-11-16T12:01:22</CreDtTm>
			<NbOfTxs>5</NbOfTxs>
			<InitgPty>
				<Nm>Initiating Party Name</Nm>
			</InitgPty>
		</GrpHdr>
		<PmtInf>
			<PmtInfId>CGI.ONEXML.PID.2SCT.3TIP.001.01</PmtInfId>
			<PmtMtd>TRF</PmtMtd>
			<BtchBookg>true</BtchBookg>
			<NbOfTxs>2</NbOfTxs>
			<CtrlSum>0.29</CtrlSum>
			<PmtTpInf>
				<SvcLvl>
					<Cd>SEPA</Cd>
				</SvcLvl>
			</PmtTpInf>
			<ReqdExctnDt>2015-11-16</ReqdExctnDt>
			<Dbtr>
				<Nm>DEBTOR NAME A 2SCT.3TIP.001</Nm>
				<PstlAdr>
					<Ctry>NL</Ctry>
				</PstlAdr>
			</Dbtr>
			<DbtrAcct>
				<Id>
					<IBAN>NL84INGB0004337512</IBAN>
				</Id>
			</DbtrAcct>
			<DbtrAgt>
				<FinInstnId>
					<BIC>INGBNL2A</BIC>
				</FinInstnId>
			</DbtrAgt>
			<ChrgBr>SLEV</ChrgBr>
			<CdtTrfTxInf>
				<PmtId>
					<EndToEndId>E2E.2SCT.3TIP.001.01.01</EndToEndId>
				</PmtId>
				<Amt>
					<InstdAmt Ccy="EUR">0.14</InstdAmt>
				</Amt>
				<CdtrAgt>
					<FinInstnId>
						<BIC>INGBFRPP</BIC>
					</FinInstnId>
				</CdtrAgt>
				<Cdtr>
					<Nm>Creditor Name A 2SCT.3TIP.001.01.01</Nm>
					<PstlAdr>
						<Ctry>FR</Ctry>
					</PstlAdr>
				</Cdtr>
				<CdtrAcct>
					<Id>
						<IBAN>FR7630438000083612203600871</IBAN>
					</Id>
				</CdtrAcct>
				<RmtInf>
					<Ustrd>URI.2SCT.3TIP.001.01.01</Ustrd>
				</RmtInf>
			</CdtTrfTxInf>
			<CdtTrfTxInf>
				<PmtId>
					<EndToEndId>E2E.2SCT.3TIP.001.01.02</EndToEndId>
				</PmtId>
				<Amt>
					<InstdAmt Ccy="EUR">0.15</InstdAmt>
				</Amt>
				<CdtrAgt>
					<FinInstnId>
						<BIC>INGBNL2A</BIC>
					</FinInstnId>
				</CdtrAgt>
				<Cdtr>
					<Nm>Creditor Name B 2SCT.3TIP.001.01.01</Nm>
					<PstlAdr>
						<Ctry>NL</Ctry>
					</PstlAdr>
				</Cdtr>
				<CdtrAcct>
					<Id>
						<IBAN>NL62INGB0019081908</IBAN>
					</Id>
				</CdtrAcct>
				<RmtInf>
					<Ustrd>URI.2SCT.3TIP.001.01.02</Ustrd>
				</RmtInf>
			</CdtTrfTxInf>
		</PmtInf>
		<PmtInf>
			<PmtInfId>CGI.ONEXML.PID.2SCT.3TIP.001.02</PmtInfId>
			<PmtMtd>TRF</PmtMtd>
			<BtchBookg>false</BtchBookg>
			<NbOfTxs>3</NbOfTxs>
			<CtrlSum>0.93</CtrlSum>
			<ReqdExctnDt>2015-11-16</ReqdExctnDt>
			<Dbtr>
				<Nm>DEBTOR NAME B 2SCT.3TIP.001</Nm>
				<PstlAdr>
					<Ctry>NL</Ctry>
				</PstlAdr>
			</Dbtr>
			<DbtrAcct>
				<Id>
					<IBAN>NL64INGB0008052002</IBAN>
				</Id>
			</DbtrAcct>
			<DbtrAgt>
				<FinInstnId>
					<BIC>INGBNL2A</BIC>
				</FinInstnId>
			</DbtrAgt>
			<ChrgBr>SLEV</ChrgBr>
			<CdtTrfTxInf>
				<PmtId>
					<InstrId>IID.2SCT.3TIP.001.02.01</InstrId>
					<EndToEndId>E2E.2SCT.3TIP.001.02.01</EndToEndId>
				</PmtId>
				<Amt>
					<InstdAmt Ccy="EUR">0.30</InstdAmt>
				</Amt>
				<CdtrAgt>
					<FinInstnId>
						<BIC>CITIUS33</BIC>
						<ClrSysMmbId>
							<ClrSysId>
								<Cd>USABA</Cd>
							</ClrSysId>
							<MmbId>254070116</MmbId>
						</ClrSysMmbId>
						<Nm>CITIBANK</Nm>
						<PstlAdr>
							<Ctry>US</Ctry>
						</PstlAdr>
					</FinInstnId>
				</CdtrAgt>
				<Cdtr>
					<Nm>Creditor Name A 2SCT.3TIP.001.02.01</Nm>
					<PstlAdr>
						<Ctry>US</Ctry>
					</PstlAdr>
				</Cdtr>
				<CdtrAcct>
					<Id>
						<Othr>
							<Id>108052002</Id>
						</Othr>
					</Id>
				</CdtrAcct>
				<RmtInf>
					<Ustrd>URI.2SCT.3TIP.001.02.01</Ustrd>
				</RmtInf>
			</CdtTrfTxInf>
			<CdtTrfTxInf>
				<PmtId>
					<InstrId>IID.2SCT.3TIP.001.02.02</InstrId>
					<EndToEndId>E2E.2SCT.3TIP.001.02.02</EndToEndId>
				</PmtId>
				<Amt>
					<InstdAmt Ccy="EUR">0.31</InstdAmt>
				</Amt>
				<CdtrAgt>
					<FinInstnId>
						<BIC>CITIINBX</BIC>
						<ClrSysMmbId>
							<ClrSysId>
								<Cd>INFSC</Cd>
							</ClrSysId>
							<MmbId>CITIINBX</MmbId>
						</ClrSysMmbId>
						<Nm>CITIBANK</Nm>
						<PstlAdr>
							<Ctry>IN</Ctry>
						</PstlAdr>
					</FinInstnId>
				</CdtrAgt>
				<Cdtr>
					<Nm>Creditor Name B 2SCT.3TIP.001.02.02</Nm>
					<PstlAdr>
						<Ctry>IN</Ctry>
					</PstlAdr>
				</Cdtr>
				<CdtrAcct>
					<Id>
						<Othr>
							<Id>0019071908</Id>
						</Othr>
					</Id>
				</CdtrAcct>
				<RmtInf>
					<Ustrd>URI.2SCT.3TIP.001.02.02</Ustrd>
				</RmtInf>
			</CdtTrfTxInf>
			<CdtTrfTxInf>
				<PmtId>
					<InstrId>IID.2SCT.3TIP.001.02.03</InstrId>
					<EndToEndId>E2E.2SCT.3TIP.001.02.03</EndToEndId>
				</PmtId>
				<Amt>
					<InstdAmt Ccy="EUR">0.32</InstdAmt>
				</Amt>
				<CdtrAgt>
					<FinInstnId>
						<BIC>BOTKJPJT</BIC>
						<ClrSysMmbId>
							<ClrSysId>
								<Cd>JPDSC</Cd>
							</ClrSysId>
							<MmbId>309428</MmbId>
						</ClrSysMmbId>
						<Nm>THE BANK OF TOKYO-MITSUBISHI LTD.</Nm>
						<PstlAdr>
							<Ctry>JP</Ctry>
						</PstlAdr>
					</FinInstnId>
				</CdtrAgt>
				<Cdtr>
					<Nm>Creditor Name C 2SCT.3TIP.001.02.03</Nm>
					<PstlAdr>
						<Ctry>JP</Ctry>
					</PstlAdr>
				</Cdtr>
				<CdtrAcct>
					<Id>
						<Othr>
							<Id>110154</Id>
						</Othr>
					</Id>
				</CdtrAcct>				
				<RmtInf>
					<Ustrd>URI.2SCT.3TIP.001.02.03</Ustrd>
				</RmtInf>
			</CdtTrfTxInf>
		</PmtInf>
	</CstmrCdtTrfInitn>
</Document>